@article{peres1992iterating,
  title={Iterating von Neumann's procedure for extracting random bits},
  author={Peres, Yuval},
  journal={The Annals of Statistics},
  pages={590--597},
  year={1992},
  publisher={JSTOR}
}

@book{csiszar2011information,
  title={Information theory: coding theorems for discrete memoryless systems},
  author={Csisz{\'a}r, Imre and K{\"o}rner, J{\'a}nos},
  year={2011},
  publisher={Cambridge University Press}
}


@book{polyanskiy2023ITbook,
  title={Information theory: from coding to learning},
  author={Polyanskiy, Yury and Wu, Yihong},
  year={2023},
  publisher={Cambridge University Press}
}

@article{kelly1956new,
  title={A new interpretation of information rate},
  author={Kelly, John L},
  journal={the bell system technical journal},
  volume={35},
  number={4},
  pages={917--926},
  year={1956},
  publisher={Nokia Bell Labs}
}
